[gd_scene load_steps=15 format=2]

[ext_resource path="res://src/components/characters/Player.tscn" type="PackedScene" id=1]
[ext_resource path="res://src/scripts/ShopManager.gd" type="Script" id=2]
[ext_resource path="res://src/components/DayTrigger.tscn" type="PackedScene" id=3]
[ext_resource path="res://src/components/GUI.tscn" type="PackedScene" id=4]
[ext_resource path="res://src/components/ConversationManager.tscn" type="PackedScene" id=5]
[ext_resource path="res://src/components/NPCSpawner.tscn" type="PackedScene" id=6]
[ext_resource path="res://src/components/FarmManager.tscn" type="PackedScene" id=7]
[ext_resource path="res://src/components/maps/CozyFarm.tscn" type="PackedScene" id=8]
[ext_resource path="res://src/components/ShopManager.tscn" type="PackedScene" id=9]
[ext_resource path="res://src/scripts/SceneTransitionRect.gd" type="Script" id=10]
[ext_resource path="res://src/components/PlayerSpawn.tscn" type="PackedScene" id=11]
[ext_resource path="res://src/scripts/main.gd" type="Script" id=12]

[sub_resource type="Animation" id=1]
resource_name = "FadeIn"
length = 0.5
tracks/0/type = "value"
tracks/0/path = NodePath(".:modulate")
tracks/0/interp = 1
tracks/0/loop_wrap = true
tracks/0/imported = false
tracks/0/enabled = true
tracks/0/keys = {
"times": PoolRealArray( 0, 0.5 ),
"transitions": PoolRealArray( 1, 1 ),
"update": 0,
"values": [ Color( 0, 0, 0, 1 ), Color( 0, 0, 0, 0 ) ]
}

[sub_resource type="Animation" id=2]
resource_name = "FadeOut"
length = 0.5
tracks/0/type = "value"
tracks/0/path = NodePath(".:modulate")
tracks/0/interp = 1
tracks/0/loop_wrap = true
tracks/0/imported = false
tracks/0/enabled = true
tracks/0/keys = {
"times": PoolRealArray( 0, 0.5 ),
"transitions": PoolRealArray( 1, 1 ),
"update": 0,
"values": [ Color( 0, 0, 0, 0 ), Color( 0, 0, 0, 1 ) ]
}

[node name="SampleScene" type="Node2D"]
script = ExtResource( 12 )

[node name="NPCSpawner" parent="." instance=ExtResource( 6 )]

[node name="ConversationManager" parent="." instance=ExtResource( 5 )]

[node name="ShopManager" parent="." instance=ExtResource( 9 )]
script = ExtResource( 2 )

[node name="CozyFarm" parent="." instance=ExtResource( 8 )]

[node name="Player" parent="." instance=ExtResource( 1 )]
position = Vector2( 512, 128 )

[node name="DayTrigger" parent="." instance=ExtResource( 3 )]
position = Vector2( 507.98, 72.157 )

[node name="PlayerSpawn" parent="." instance=ExtResource( 11 )]
position = Vector2( 505.228, 172.651 )

[node name="FarmManager" parent="." instance=ExtResource( 7 )]

[node name="CanvasLayer" type="CanvasLayer" parent="."]

[node name="GUI" parent="CanvasLayer" instance=ExtResource( 4 )]

[node name="SceneTransitionRect" type="ColorRect" parent="CanvasLayer"]
visible = false
modulate = Color( 0, 0, 0, 0 )
anchor_right = 1.0
anchor_bottom = 1.0
script = ExtResource( 10 )
__meta__ = {
"_edit_use_anchors_": false
}

[node name="AnimationPlayer" type="AnimationPlayer" parent="CanvasLayer/SceneTransitionRect"]
anims/FadeIn = SubResource( 1 )
anims/FadeOut = SubResource( 2 )

[connection signal="animation_finished" from="CanvasLayer/SceneTransitionRect/AnimationPlayer" to="CanvasLayer/SceneTransitionRect" method="_on_AnimationPlayer_animation_finished"]
